
@Article{ besag_spatial_1974,
  title = {Spatial interaction and the statistical analysis of
		  lattice systems},
  volume = {36},
  number = {2},
  journal = {Journal of the Royal Statistical Society. Series B
		  {(Methodological)}},
  author = {J. Besag},
  year = {1974},
  pages = {192-236},
}

@Article{ liu2011monte,
  title = {Monte {C}arlo expectation maximization with hidden
		  {M}arkov models to detect functional networks in
		  resting-state {fMRI}},
  author = {Liu, W. and Awate, S. and Anderson, J. and Yurgelun-Todd,
		  D. and Fletcher, P.T.},
  journal = {Machine Learning in Medical Imaging},
  pages = {59--66},
  year = {2011},
  publisher = {Springer},
}

@Article{ yeo2011organization,
  title = {The organization of the human cerebral cortex estimated by
		  intrinsic functional connectivity},
  author = {Yeo, B.T.T. and Krienen, F.M. and Sepulcre, J. and
		  Sabuncu, M.R. and Lashkari, D. and Hollinshead, M. and
		  Roffman, J.L. and Smoller, J.W. and Z{\"o}llei, L. and
		  Polimeni, J.R. and others},
  journal = {Journal of Neurophysiology},
  volume = {106},
  number = {3},
  pages = {1125--1165},
  year = {2011},
  publisher = {Am Physiological Soc}
}

@Article{ calhoun2001spatial,
  title = {Spatial and temporal independent component analysis of
		  functional {MRI} data containing a pair of task-related
		  waveforms},
  author = {Calhoun, VD and Adali, T. and Pearlson, GD and Pekar, JJ},
  journal = {Human {B}rain {M}apping},
  volume = 13,
  number = 1,
  pages = {43--53},
  year = 2001,
  publisher = {Wiley Online Library}
}

@Article{ van2008normalized,
  title = {Normalized cut group clustering of resting-state {fMRI}
		  data},
  author = {Van Den Heuvel, M. and Mandl, R. and Pol, H.H.},
  journal = {PLoS One},
  volume = {3},
  number = {4},
  pages = {e2001},
  year = {2008},
  publisher = {Public Library of Science}
}

@Article{ bellec2010multi,
  title = {Multi-level bootstrap analysis of stable clusters in
		  resting-state {fMRI}},
  author = {Bellec, P. and Rosa-Neto, P. and Lyttelton, O.C. and
		  Benali, H. and Evans, A.C.},
  journal = {Neuroimage},
  volume = {51},
  number = {3},
  pages = {1126-1139},
  year = {2010},
  publisher = {Elsevier}
}

@article{shi2000normalized,
  title={Normalized cuts and image segmentation},
  author={Shi, Jianbo and Malik, Jitendra},
  journal={Pattern Analysis and Machine Intelligence, IEEE Transactions on},
  volume={22},
  number={8},
  pages={888--905},
  year={2000},
  publisher={IEEE}
}

@article{craddock2012whole,
  title={A whole brain {fMRI} atlas generated via spatially constrained spectral clustering},
  author={Craddock, R Cameron and James, G Andrew and Holtzheimer, Paul E and Hu, Xiaoping P and Mayberg, Helen S},
  journal={Human {B}rain {M}apping},
  volume={33},
  number={8},
  pages={1914--1928},
  year={2012},
  publisher={Wiley Online Library}
}
@Article{ calhoun2001method,
  title = {A method for making group inferences from functional MRI
		  data using independent component analysis},
  author = {Calhoun, VD and Adali, T. and Pearlson, GD and Pekar, JJ},
  journal = {Human {B}rain {M}apping},
  volume = {14},
  number = {3},
  pages = {140--151},
  year = {2001},
  publisher = {Wiley Online Library}
}

@Article{zuo2010reliable,
  title = {Reliable intrinsic connectivity networks: test-retest
		  evaluation using {ICA} and dual regression approach},
  author = {Zuo, X.N. and Kelly, C. and Adelstein, J.S. and Klein,
		  D.F. and Castellanos, F.X. and Milham, M.P.},
  journal = {Neuroimage},
  volume = {49},
  number = {3},
  pages = {2163},
  year = {2010},
  publisher = {NIH Public Access}
}

@InProceedings{potts1952some,
  title = {Some generalized order-disorder transformations},
  author = {Potts, R.B.},
  booktitle = {Proceedings of the Cambridge Philosophical Society},
  volume = {48},
  number = {2},
  pages = {106--109},
  year = {1952},
  organization = {Cambridge Univ Press}
}

@Article{baumgartner1998quantification,
  title = {Quantification in functional magnetic resonance imaging:
		  fuzzy clustering vs. correlation analysis},
  author = {Baumgartner, R. and Windischberger, C. and Moser, E.},
  journal = {Magnetic Resonance Imaging},
  volume = {16},
  number = {2},
  pages = {115--125},
  year = {1998},
  publisher = {Elsevier}
}

@InProceedings{arthur2007k,
  title = {k-means++: The advantages of careful seeding},
  author = {Arthur, D. and Vassilvitskii, S.},
  booktitle = {Proceedings of the eighteenth annual ACM-SIAM symposium on
		  discrete algorithms},
  pages = {1027--1035},
  year = {2007},
  organization = {Society for Industrial and Applied Mathematics}
}

@article{shehzad2009resting,
  title={The resting brain: unconstrained yet reliable},
  author={Shehzad, Zarrar and Kelly, AM Clare and Reiss, Philip T and Gee, Dylan
                  G and Gotimer, Kristin and Uddin, Lucina Q and Lee, Sang Han
                  and Margulies, Daniel S and Roy, Amy Krain and Biswal, Bharat
                  B and others},
  journal={Cerebral {C}ortex},
  volume={19},
  number={10},
  pages={2209--2229},
  year={2009},
  publisher={Oxford Univ Press}
}
@article{esposito2005independent,
  title={Independent component analysis of {fMRI} group studies by
                  self-organizing clustering},
  author={Esposito, Fabrizio and Scarabino, Tommaso and Hyvarinen, Aapo and
                  Himberg, Johan and Formisano, Elia and Comani, Silvia and
                  Tedeschi, Gioacchino and Goebel, Rainer and Seifritz, Erich
                  and Di Salle, Francesco and others},
  journal={Neuroimage},
  volume={25},
  number={1},
  pages={193--205},
  year={2005},
  publisher={Orlando, FL: Academic Press, c1992-}
}

@article{beckmann2003general,
  title={General multilevel linear modeling for group analysis in {fMRI}},
  author={Beckmann, Christian F and Jenkinson, Mark and Smith, Stephen M},
  journal={Neuroimage},
  volume=20,
  number=2,
  pages={1052--1063},
  year=2003,
  publisher={Elsevier}
}
 @article{woolrich2004multilevel,
  title={Multilevel linear modelling for {FMRI} group analysis using {B}ayesian
                  inference},
  author={Woolrich, Mark W and Behrens, Timothy EJ and Beckmann, Christian F and
                  Jenkinson, Mark and Smith, Stephen M and others},
  journal={Neuroimage},
  volume={21},
  number={4},
  pages={1732--1747},
  year={2004},
  publisher={Elsevier Science}
}

@article{woolrich2004fully,
  title={Fully {B}ayesian spatio-temporal modeling of {fMRI} data},
  author={Woolrich, Mark W and Jenkinson, Mark and Brady, J Michael and Smith,
                  Stephen M},
  journal={Medical Imaging, IEEE Transactions on},
  volume={23},
  number={2},
  pages={213--231},
  year={2004},
  publisher={IEEE}
}

@article{penny2005bayesian,
  title={Bayesian {fMRI} time series analysis with spatial priors},
  author={Penny, William D and Trujillo-Barreto, Nelson J and Friston, Karl J},
  journal={NeuroImage},
  volume={24},
  number={2},
  pages={350--362},
  year={2005},
  publisher={Elsevier}
}

@article{hartvig2000spatial,
  title={Spatial mixture modeling of {fMRI} data},
  author={Hartvig, Niels Vaever and Jensen, Jens Ledet},
  journal={Human {B}rain {M}apping},
  volume={11},
  number={4},
  pages={233--248},
  year={2000},
  publisher={Wiley Online Library}
}

@article{ng2012modeling,
  title={Modeling Brain Activation in {fMRI} Using Group {MRF}},
  author={Ng, Bernard and Hamarneh, Ghassan and Abugharbieh, Rafeef},
  journal={Medical Imaging, IEEE Transactions on},
  volume={31},
  number={5},
  pages={1113--1123},
  year={2012},
  publisher={IEEE}
}

@article{varoquaux2010group,
  title={A group model for stable multi-subject {ICA} on {fMRI} datasets},
  author={Varoquaux, Ga{\"e}l and Sadaghiani, Sepideh and Pinel, Philippe and Kleinschmidt, Andreas and Poline, Jean-Baptiste and Thirion, Bertrand},
  journal={Neuroimage},
  volume={51},
  number={1},
  pages={288--299},
  year={2010},
  publisher={Elsevier}
}

@inproceedings{varoquaux2011multi,
  title={Multi-subject dictionary learning to segment an atlas of brain
                  spontaneous activity},
  author={Varoquaux, Gael and Gramfort, Alexandre and Pedregosa, Fabian and
                  Michel, Vincent and Thirion, Bertrand},
  booktitle={Information {P}rocessing in {M}edical {I}maging},
  pages={562--573},
  year={2011},
  organization={Springer}
}

@article{damoiseaux2006consistent,
  title={Consistent resting-state networks across healthy subjects},
  author={Damoiseaux, JS and Rombouts, SARB and Barkhof, F and Scheltens, P and
                  Stam, CJ and Smith, Stephen M and Beckmann, CF},
  journal={Proceedings of the National Academy of Sciences},
  volume={103},
  number={37},
  pages={13848--13853},
  year={2006},
  publisher={National Acad Sciences}
}
@article{chen2008group,
  title={Group independent component analysis reveals consistent resting-state
                  networks across multiple sessions},
  author={Chen, Sharon and Ross, Thomas J and Zhan, Wang and Myers, Carol S and
                  Chuang, Keh-Shih and Heishman, Stephen J and Stein, Elliot A
                  and Yang, Yihong},
  journal={Brain {R}esearch},
  volume={1239},
  pages={141},
  year={2008},
  publisher={NIH Public Access}
}
@article{meindl2010test,
  title={Test--retest reproducibility of the default-mode network in healthy
                  individuals},
  author={Meindl, Thomas and Teipel, Stefan and Elmouden, Rachid and Mueller,
                  Sophia and Koch, Walter and Dietrich, Olaf and Coates, Ute and
                  Reiser, Maximilian and Glaser, Christian},
  journal={Human {B}rain {B}apping},
  volume={31},
  number={2},
  pages={237--246},
  year={2010},
  publisher={Wiley Online Library}
}

@article{franco2009interrater,
  title={Interrater and intermethod reliability of default mode network
                  selection},
  author={Franco, Alexandre R and Pritchard, Aaron and Calhoun, Vince D and
                  Mayer, Andrew R},
  journal={Human {B}rain {M}apping},
  volume={30},
  number={7},
  pages={2293--2303},
  year={2009},
  publisher={Wiley Online Library}
}

@book{efron1993introduction,
  title={An introduction to the bootstrap},
  author={Efron, Bradley and Tibshirani, Robert},
  year=1993,
  publisher={Chapman \& Hall (New York)}
}

@article{beckmann2009group,
  title={Group comparison of resting-state {fMRI} data using multi-subject {ICA}
                  and dual regression},
  author={Beckmann, Christian F and Mackay, Clare E and Filippini, Nicola and
                  Smith, Stephen M},
  journal={Neuroimage},
  volume={47},
  number={Suppl 1},
  pages={S148},
  year={2009},
  publisher={Elsevier Science}
}

@article{filippini2009distinct,
  title={Distinct patterns of brain activity in young carriers of the
                  APOE-$\varepsilon$4 allele},
  author={Filippini, Nicola and MacIntosh, Bradley J and Hough, Morgan G and
                  Goodwin, Guy M and Frisoni, Giovanni B and Smith, Stephen M
                  and Matthews, Paul M and Beckmann, Christian F and Mackay,
                  Clare E},
  journal={Proceedings of the National Academy of Sciences},
  volume={106},
  number={17},
  pages={7209--7214},
  year={2009},
  publisher={National Acad Sciences}
}

@article{greicius2004default,
  title={Default-mode network activity distinguishes Alzheimer's disease from
                  healthy aging: evidence from functional {MRI}},
  author={Greicius, Michael D and Srivastava, Gaurav and Reiss, Allan L and
                  Menon, Vinod},
  journal={Proceedings of the National Academy of Sciences},
  volume={101},
  number={13},
  pages={4637--4642},
  year={2004},
  publisher={National Acad Sciences}
}

@article{greicius2007resting,
  title={Resting-state functional connectivity in major depression: abnormally
                  increased contributions from subgenual cingulate cortex and
                  thalamus},
  author={Greicius, Michael D and Flores, Benjamin H and Menon, Vinod and
                  Glover, Gary H and Solvason, Hugh B and Kenna, Heather and
                  Reiss, Allan L and Schatzberg, Alan F},
  journal={Biological {P}sychiatry},
  volume={62},
  number={5},
  pages={429--437},
  year={2007},
  publisher={Elsevier}
}

@article{seeley2009neurodegenerative,
  title={Neurodegenerative diseases target large-scale human brain networks},
  author={Seeley, William W and Crawford, Richard K and Zhou, Juan and Miller,
                  Bruce L and Greicius, Michael D},
  journal={Neuron},
  volume={62},
  number={1},
  pages={42},
  year={2009},
  publisher={NIH Public Access}
}
@article{mohammadi2009changes,
  title={Changes of resting state brain networks in amyotrophic lateral
                  sclerosis},
  author={Mohammadi, Bahram and Kollewe, Katja and Samii, Amir and Krampfl,
                  Klaus and Dengler, Reinhard and M{\"u}nte, T},
  journal={Klinische Neurophysiologie},
  volume={40},
  number={01},
  pages={V148},
  year={2009}
}

@incollection{liu2012group,
  title={Group Analysis of Resting-State {fMRI} by Hierarchical {M}arkov Random
                  Fields},
  author={Liu, Wei and Awate, Suyash P and Fletcher, P Thomas},
  booktitle={Medical Image Computing and Computer-Assisted Intervention--MICCAI
                  2012},
  pages={189--196},
  year={2012},
  publisher={Springer}
}

@article{besag1986statistical,
  title={On the statistical analysis of dirty pictures},
  author={Besag, Julian},
  journal={Journal of the Royal Statistical Society. Series B (Methodological)},
  pages={259--302},
  year={1986},
  publisher={JSTOR}
}

@article{gelman2006bayesian,
  title={Bayesian measures of explained variance and pooling in multilevel
                  (hierarchical) models},
  author={Gelman, Andrew and Pardoe, Iain},
  journal={Technometrics},
  volume={48},
  number={2},
  pages={241--251},
  year={2006},
  publisher={American Statistical Association}
}

@article{greig1989exact,
  title={Exact maximum a posteriori estimation for binary images},
  author={Greig, DM and Porteous, BT and Seheult, Allan H},
  journal={Journal of the Royal Statistical Society. Series B (Methodological)},
  pages={271--279},
  year={1989},
  publisher={JSTOR}
}

@article{rand1971objective,
  title={Objective criteria for the evaluation of clustering methods},
  author={Rand, William M},
  journal={Journal of the American Statistical Association},
  volume={66},
  number={336},
  pages={846--850},
  year={1971},
  publisher={Taylor \& Francis Group}
}

@book{gelman2003bayesian,
  title={Bayesian data analysis},
  author={Gelman, Andrew and Carlin, John B and Stern, Hal S and Rubin, Donald
                  B},
  year={2003},
  publisher={CRC press}
}

@inproceedings{golland2008spatial,
  title={Spatial patterns and functional profiles for discovering structure in
                  {fMRI} data},
  author={Golland, Polina and Lashkari, Danial and Venkataraman, Archana},
  booktitle={Signals, Systems and Computers, 42nd Asilomar Conference on},
  pages={1402--1409},
  year={2008},
  organization={IEEE}
}

@article{robert2005monte,
  title={Monte Carlo Statistical Methods (Springer Texts in Statistics)},
  author={Robert, Christian P and Casella, George},
  year={2005},
  publisher={Springer-Verlag New York, Inc.}
}

@article{fox2006spontaneous,
  title={Spontaneous neuronal activity distinguishes human dorsal and ventral
                  attention systems},
  author={Fox, Michael D and Corbetta, Maurizio and Snyder, Abraham Z and
                  Vincent, Justin L and Raichle, Marcus E},
  journal={Proceedings of the National Academy of Sciences},
  volume={103},
  number={26},
  pages={10046--10051},
  year={2006},
  publisher={National Acad Sciences}
}

@article{seeley2007dissociable,
  title={Dissociable intrinsic connectivity networks for salience processing and
                  executive control},
  author={Seeley, William W and Menon, Vinod and Schatzberg, Alan F and Keller,
                  Jennifer and Glover, Gary H and Kenna, Heather and Reiss,
                  Allan L and Greicius, Michael D},
  journal={The Journal of {N}euroscience},
  volume={27},
  number={9},
  pages={2349--2356},
  year={2007},
  publisher={Soc Neuroscience}
}

@article{greicius2003functional,
  title={Functional connectivity in the resting brain: a network analysis of the
                  default mode hypothesis},
  author={Greicius, Michael D and Krasnow, Ben and Reiss, Allan L and Menon,
                  Vinod},
  journal={Proceedings of the National Academy of Sciences},
  volume={100},
  number={1},
  pages={253--258},
  year={2003},
  publisher={National Acad Sciences}
}

@article{hammersley1968markov,
  title={Markov fields on finite graphs and lattices},
  author={Hammersley, John M and Clifford, Peter},
  year={1968}
}
@book{li1995markov,
  title={Markov random field modeling in computer vision},
  author={Li, Stan Z},
  year={1995},
  publisher={Springer-Verlag New York, Inc.}
}

@inproceedings{lafferty2001conditional,
  title={Conditional random fields: probabilistic models for segmenting and labeling sequence data},
  author={Lafferty, J},
  booktitle={Proceedings of the 18th International Conference on Machine Learning (ICML 2001)},
  year={2001},
  organization={Morgan Kaufmann}
}

@article{descombes1998spatio,
  title={Spatio-temporal {fMRI} analysis using {M}arkov random fields},
  author={Descombes, Xavier and Kruggel, Frithjof and Von Cramon, D Yves},
  journal={Medical Imaging, IEEE Transactions on},
  volume={17},
  number={6},
  pages={1028--1039},
  year={1998},
  publisher={IEEE}
}

@article{ou2010combining,
  title={Combining spatial priors and anatomical information for {fMRI} detection},
  author={Ou, Wanmei and Wells III, William M and Golland, Polina},
  journal={Medical Image Analysis},
  volume={14},
  number={3},
  pages={318--331},
  year={2010},
  publisher={Elsevier}
}

@article{ng2012group,
  title={Group replicator dynamics: A novel group-wise evolutionary approach for sparse brain network detection},
  author={Ng, Bernard and McKeown, Martin J and Abugharbieh, Rafeef},
  journal={Medical Imaging, IEEE Transactions on},
  volume={31},
  number={3},
  pages={576--585},
  year={2012},
  publisher={IEEE}
}

@inproceedings{murphy1999loopy,
  title={Loopy belief propagation for approximate inference: An empirical study},
  author={Murphy, Kevin P and Weiss, Yair and Jordan, Michael I},
  booktitle={Proceedings of the {F}ifteenth conference on {U}ncertainty in {A}rtificial {I}ntelligence},
  pages={467--475},
  year={1999},
  organization={Morgan Kaufmann Publishers Inc.}
}

@article{boykov2001fast,
  title={Fast approximate energy minimization via graph cuts},
  author={Boykov, Yuri and Veksler, Olga and Zabih, Ramin},
  journal={Pattern Analysis and Machine Intelligence, IEEE Transactions on},
  volume={23},
  number={11},
  pages={1222--1239},
  year={2001},
  publisher={IEEE}
}

@book{jordan1998introduction,
  title={An introduction to variational methods for graphical models},
  author={Jordan, Michael I and Ghahramani, Zoubin and Jaakkola, Tommi S and Saul, Lawrence K},
  year={1998},
  publisher={Springer}
}

@article{hyvarinen2000independent,
  title={Independent component analysis: algorithms and applications},
  author={Hyv{\"a}rinen, Aapo and Oja, Erkki},
  journal={Neural {N}etworks},
  volume={13},
  number={4},
  pages={411--430},
  year={2000},
  publisher={Elsevier}
}

@article{cavanna2006precuneus,
  title={The precuneus: a review of its functional anatomy and behavioural correlates},
  author={Cavanna, Andrea E and Trimble, Michael R},
  journal={Brain},
  volume={129},
  number={3},
  pages={564--583},
  year={2006},
  publisher={Oxford Univ Press}
}

@article{van2010intrinsic,
  title={Intrinsic functional connectivity as a tool for human connectomics: theory, properties, and optimization},
  author={Van Dijk, Koene RA and Hedden, Trey and Venkataraman, Archana and Evans, Karleyton C and Lazar, Sara W and Buckner, Randy L},
  journal={Journal of {N}europhysiology},
  volume={103},
  number={1},
  pages={297--321},
  year={2010},
  publisher={Am Physiological Soc}
}

@article{hubert1985comparing,
  title={Comparing partitions},
  author={Hubert, Lawrence and Arabie, Phipps},
  journal={Journal of {C}lassification},
  volume={2},
  number={1},
  pages={193--218},
  year={1985},
  publisher={Springer}
}

@inproceedings{vinh2009information,
  title={Information theoretic measures for clusterings comparison: is a correction for chance necessary?},
  author={Vinh, Nguyen Xuan and Epps, Julien and Bailey, James},
  booktitle={Proceedings of the 26th Annual International Conference on Machine Learning},
  pages={1073--1080},
  year={2009},
  organization={ACM}
}

@inproceedings{ben2001stability,
  title={A stability based method for discovering structure in clustered data},
  author={Ben-Hur, Asa and Elisseeff, Andr{\'e} and Guyon, Isabelle},
  booktitle={Pacific {S}ymposium on {B}iocomputing},
  volume={7},
  pages={6--17},
  year={2001}
}


@article{smith2012future,
  title={The future of FMRI connectivity},
  author={Smith, Stephen M},
  journal={Neuroimage},
  volume={62},
  number={2},
  pages={1257--1266},
  year={2012},
  publisher={Elsevier}
}

@article{marcus2013human,
  title={Human Connectome Project informatics: Quality control, database services, and data visualization},
  author={Marcus, Daniel S and Harms, Michael P and Snyder, Abraham Z and Jenkinson, Mark and Wilson, J Anthony and Glasser, Matthew F and Barch, Deanna M and Archie, Kevin A and Burgess, Gregory C and Ramaratnam, Mohana and others},
  journal={NeuroImage},
  volume={80},
  pages={202--219},
  year={2013},
  publisher={Elsevier}
}

@article{benjamin2010influence,
  title={The influence of rest period instructions on the default mode network},
  author={Benjamin, Christopher and Lieberman, Daniel A and Chang, Maria and Ofen, Noa and Whitfield-Gabrieli, Sue and Gabrieli, John DE and Gaab, Nadine},
  journal={Frontiers in {Human} {N}euroscience},
  volume={4},
  year={2010},
  publisher={Frontiers Research Foundation}
}

@article{waites2005effect,
  title={Effect of prior cognitive state on resting state networks measured with functional connectivity},
  author={Waites, Anthony B and Stanislavsky, Alexandra and Abbott, David F and Jackson, Graeme D},
  journal={Human {B}rain {M}apping},
  volume=24,
  number=1,
  pages={59--68},
  year=2005,
  publisher={Wiley Online Library}
}

@article{alexander2012discovery,
  title={The discovery of population differences in network community structure: new methods and applications to brain functional networks in schizophrenia},
  author={Alexander-Bloch, Aaron and Lambiotte, Renaud and Roberts, Ben and Giedd, Jay and Gogtay, Nitin and Bullmore, Ed},
  journal={Neuroimage},
  volume={59},
  number={4},
  pages={3889--3900},
  year={2012},
  publisher={Elsevier}
}

@article{reiss2012paradoxical,
  title={Paradoxical results of adaptive false discovery rate procedures in neuroimaging studies},
  author={Reiss, Philip T and Schwartzman, Armin and Lu, Feihan and Huang, Lei and Proal, Erika},
  journal={NeuroImage},
  volume={63},
  number={4},
  pages={1833--1840},
  year={2012},
  publisher={Elsevier}
}