@article{boykov2002fast,
  title={{Fast approximate energy minimization via graph cuts}},
  author={Boykov, Y. and Veksler, O. and Zabih, R.},
  journal={Pattern Analysis and Machine Intelligence, IEEE Transactions on},
  volume={23},
  number={11},
  pages={1222--1239},
  issn={0162-8828},
  year={2002},
  publisher={IEEE}
}

@article{caffo2005ascent,
  title={{Ascent-based Monte Carlo expectation--maximization}},
  author={Caffo, B.S. and Jank, W. and Jones, G.L.},
  journal={Journal of the Royal Statistical Society: Series B (Statistical Methodology)},
  volume={67},
  number={2},
  pages={235--251},
  issn={1467-9868},
  year={2005},
  publisher={Wiley Online Library}
}
