@article{deco2010emerging,
  title={Emerging concepts for the dynamical organization of resting-state activity in the brain},
  author={Deco, G. and Jirsa, V.K. and McIntosh, A.R.},
  journal={Nature Reviews Neuroscience},
  volume={12},
  number={1},
  pages={43--56},
  year={2010},
  publisher={Nature Publishing Group}
}


@book {LiBook,
 author = {S. Z. Li},
 title  = {Markov random field modeling in computer vision},
 year   = {1995},
 publisher = {Springer},
 }

@book{mardia2000directional,
  title={{Directional statistics}},
  author={Mardia, K.V. and Jupp, P.E. and Ebooks Corporation},
  isbn={0471953334},
  year={2000},
  publisher={Wiley Chichester}
}

@article{wei1990monte,
  title={{A Monte Carlo implementation of the EM algorithm and the poor man's data augmentation algorithms}},
  author={Wei, G.C.G. and Tanner, M.A.},
  journal={Journal of the American Statistical Association},
  volume={85},
  number={411},
  pages={699--704},
  issn={0162-1459},
  year={1990},
  publisher={JSTOR}
}

@article{zhang2002segmentation,
  title={{Segmentation of brain MR images through a hidden Markov random field model and the expectation-maximization algorithm}},
  author={Zhang, Y. and Brady, M. and Smith, S.},
  journal={IEEE Trans. on Medical Imaging},
  volume=20,
  number=1,
  pages={45--57},
  issn={0278-0062},
  year=2002,
  publisher={IEEE}
}

@article{damoiseaux2006consistent,
  title={{Consistent resting-state networks across healthy subjects}},
  author={Damoiseaux, JS and Rombouts, S. and Barkhof, F. and Scheltens, P. and Stam, CJ and Smith, SM and Beckmann, CF},
  journal={PNAS},
  volume={103},
  number={37},
  pages={13848},
  year={2006},
  publisher={National Acad Sciences}
}

@article{greicius2003functional,
  title={{Functional connectivity in the resting brain: a network analysis of the default mode hypothesis}},
  author={Greicius, M.D. and Krasnow, B. and Reiss, A.L. and Menon, V.},
  journal={PNAS},
  volume={100},
  number={1},
  pages={253},
  year={2003},
  publisher={National Acad Sciences}
}

@book{li_markov_2009,
	title = {Markov random field modeling in image analysis},
	isbn = {1848002785, 9781848002784},
	publisher = {Springer},
	author = {Stan Z. Li},
	month = mar,
	year = {2009}
},

@article{beckmann2005tensorial,
  title={{Tensorial extensions of independent component analysis for multisubject fMRI analysis}},
  author={Beckmann, C.F. and Smith, S.M.},
  journal={Neuroimage},
  volume={25},
  number={1},
  pages={294--311},
  issn={1053-8119},
  year={2005},
  publisher={Elsevier}
}

@article{Golland2007,
   author = {Golland, Polina and Golland, Yulia and Malach, Rafael},
   affiliation = {Computer Science and Artificial Intelligence Laboratory, MIT USA},
   title = {Detection of Spatial Activation Patterns as Unsupervised Segmentation of {fMRI} Data},
  journal={MICCAI 2007},
   pages = {110-118},
   year = 2007
}

@article{fox2010clinical,
  title={{Clinical Applications of Resting State Functional Connectivity}},
  author={Fox, M.D. and Greicius, M.},
  journal={Frontiers in systems neuroscience},
  volume={4},
  year={2010},
  publisher={Frontiers Research Foundation}
}

@MISC{spmwebsite,
      AUTHOR = {{Wellcome Trust Centre for Neuroimaging}},
      TITLE = {Statistical Parametric Mapping},
      MONTH = Nov,
      YEAR = 2010,
      HOWPUBLISHED = {\url{http://www.fil.ion.ucl.ac.uk/spm/}} }
}

@MISC{giftwebiste,
      AUTHOR = {V. D. Calhoun},
      TITLE = {Group {ICA} Toolbox},
      MONTH = Mar,
      YEAR = 2011,
      HOWPUBLISHED = {\url{http://icatb.sourceforge.net/}} }
}


@MISC{connwebsite,
      AUTHOR = {Susan Whitfield-Gabrieli},
      TITLE = {conn {M}atlab toolbox},
      MONTH = Mar,
      YEAR = 2011,
      HOWPUBLISHED = {\url{http://web.mit.edu/swg/software.htm}} }
}


@article{raichle2001,
        title = "A default mode of brain function",
        author = "M. E. Raichle and A. M. MacLeod and A. Z. Snyder and W. J. Powers and D. A. Gusnard and G. L. Shulman",
        journal = "PNAS",
        year = 2001,
        volume = "98",
        number = "2",
        pages = "676--682"
}

@article{worsley_analysis_1995,
	title = {Analysis of {fMRI} time-series revisited--again},
	volume = {2},
	number = {3},
	journal = {Neuroimage},
	author = {K. J. Worsley and K. J. Friston},
	year = {1995},
	pages = {173--181}
},

@article{ou_spatial_2005,
	title = {From spatial regularization to anatomical priors in {fMRI} analysis},
	journal = {{I}nformation in {M}edical {I}maging},
	author = {Wanmei Ou and Polina Golland},
	year = {2005},
	pages = {88--100}
},

@article{descombes_fmri_1998,
	title = {{fMRI} Signal restoration using a {spatio-temporal} {M}arkov random field preserving transitions},
	volume = {8},
	issn = {1053-8119},
	doi = {10.1006/nimg.1998.0372},
	number = {4},
	journal = {{NeuroImage}},
	author = {Xavier Descombes and Frithjof Kruggel and D. Yves von Cramon},
	month = nov,
	year = {1998},
	pages = {340--349}
},

@article{descombes_spatio-temporal_1998,
	title = {Spatio-temporal {fMRI} analysis using {M}arkov random fields},
	volume = {17},
	issn = {0278-0062},
	doi = {10.1109/42.746636},
	number = {6},
	journal = {Medical Imaging, {IEEE} Trans.},
	author = {X. Descombes and F. Kruggel and {D.Y.} Von Cramon},
	year = {1998},
	pages = {1028--1039}
},

@article{woolrich_fully_2004,
	title = {{F}ully {B}ayesian {spatio-temporal} modeling of {fMRI} data},
	volume = {23},
	issn = {0278-0062},
	doi = {10.1109/TMI.2003.823065},
	number = {2},
	journal = {Medical Imaging, {IEEE} Transactions on},
	author = {{M.W.} Woolrich and M. Jenkinson and {J.M.} Brady and {S.M.} Smith},
	year = {2004},
	pages = {213--231}
},

@inproceedings{cosman_exact_2004,
	title = {Exact {MAP} activity detection in {fMRI} using a {GLM} with an {I}sing spatial prior},
	booktitle = {MICCAI},
	author = {E. R. Cosman and J. W. Fisher and W. M. Wells},
	year = {2004},
	pages = {703–-710}
},

@book{li_markov_2009,
	title = {Markov Random Field Modeling in Image Analysis},
	isbn = {1848002785, 9781848002784},
	publisher = {Springer},
	author = {Stan Z. Li},
	month = mar,
	year = {2009}
},

@article{besag_spatial_1974,
	title = {Spatial interaction and the statistical analysis of lattice systems},
	volume = {36},
	number = {2},
	journal = {Journal of the Royal Statistical Society. Series B {(Methodological)}},
	author = {J. Besag},
	year = {1974},
	pages = {192–-236}
},

@article{mller_multivariate_2001,
	title = {On Multivariate Spectral Analysis of {fMRI} Time Series},
	volume = {14},
	issn = {1053-8119},
	url = {http://www.sciencedirect.com/science/article/B6WNP-457VFJT-19/2/495421aedd5d6d64a3777408b65ecb46},
	doi = {10.1006/nimg.2001.0804},
	number = {2},
	journal = {{NeuroImage}},
	author = {Karsten M\"{u}ller and Gabriele Lohmann and Volker Bosch and D. Yves von Cramon},
	month = aug,
	year = {2001},
	keywords = {{fMRI;} functional connectivities; spectral analysis; coherence; phase lead},
	pages = {347--356}
},

@article{geman_stochastic_1984,
	title = {Stochastic relaxation, {G}ibbs distributions, and the {B}ayesian restoration of images},
	volume = {6},
	journal = {{IEEE} {PAMI}},
	author = {S. Geman and D. Geman},
	year = {1984},
	pages = {721–-741}
},


@article{seeley2007dissociable,
  title={Dissociable intrinsic connectivity networks for salience processing and executive control},
  author={Seeley, W.W. and Menon, V. and Schatzberg, A.F. and Keller, J. and Glover, G.H. and Kenna, H. and Reiss, A.L. and Greicius, M.D.},
  journal={The Journal of neuroscience},
  volume={27},
  number={9},
  pages={2349},
  year={2007},
  publisher={Soc Neuroscience}
}

@article{zalesky2011relationship,
  title={The relationship between regional and inter-regional functional connectivity deficits in schizophrenia},
  author={Zalesky, A. and Fornito, A. and Egan, G.F. and Pantelis, C. and Bullmore, E.T.},
  journal={Human Brain Mapping},
  year={2011},
  publisher={Wiley Online Library}
}

@book{mortveit2008introduction,
  title={An introduction to sequential dynamical systems},
  author={Mortveit, H.S. and Reidys, C.M.},
  year={2008},
  publisher={Springer Verlag}
}

@article{margulies2010resting,
  title={Resting developments: a review of fMRI post-processing methodologies for spontaneous brain activity},
  author={Margulies, D.S. and Bottger, J. and Long, X. and Lv, Y. and Kelly, C. and Schafer, A. and Goldhahn, D. and Abbushi, A. and Milham, M.P. and Lohmann, G. and others},
  journal={Magnetic Resonance Materials in Physics, Biology and Medicine},
  pages={1--19},
  year={2010},
  publisher={Springer}
}

@article{liu2010spatial,
title={Spatial {R}egularization of {F}unctional {C}onnectivity {U}sing {H}igh-{D}imensional {M}arkov {R}andom {F}ields},
  author={Liu, W. and Zhu, P. and Anderson, J. and Yurgelun-Todd, D. and Fletcher, P.T.},
  journal={Medical Image Computing and Computer-Assisted Intervention--MICCAI 2010},
  pages={363--370},
  year={2010},
  publisher={Springer},
  url={http://www.sci.utah.edu/publications/liu10/MRF_connectivity_miccai2010.pdf}
}

@article{liu2011monte,
title={Monte {C}arlo {E}xpectation {M}aximization with {H}idden {M}arkov {M}odels to {D}etect {F}unctional {N}etworks in {R}esting-{S}tate {fMRI}},
  author={Liu, W. and Awate, S. and Anderson, J. and Yurgelun-Todd, D. and Fletcher, P.T.},
  journal={Machine Learning in Medical Imaging},
  pages={59--66},
  year={2011},
  publisher={Springer},
  url={http://www.sci.utah.edu/~weiliu/publications/mcem_weiliu_miccai2011.pdf}
}

@article{varoquaux2010brain,
  title={Brain covariance selection: better individual functional connectivity models using population prior},
  author={Varoquaux, G. and Gramfort, A. and Poline, J.B. and Thirion, B.},
  journal={Arxiv preprint arXiv:1008.5071},
  year={2010}
}

@article{yuan2006model,
  title={Model selection and estimation in regression with grouped variables},
  author={Yuan, M. and Lin, Y.},
  journal={Journal of the Royal Statistical Society: Series B (Statistical Methodology)},
  volume={68},
  number={1},
  pages={49--67},
  year={2006},
  publisher={Wiley Online Library}
}
@article{butts2009revisiting,
  title={Revisiting the foundations of network analysis},
  author={Butts, C.T.},
  journal={Science},
  volume={325},
  number={5939},
  pages={414},
  year={2009},
  publisher={American Association for the Advancement of Science}
}

@article{honey2007network,
  title={Network structure of cerebral cortex shapes functional connectivity on multiple time scales},
  author={Honey, C.J. and K{\"o}tter, R. and Breakspear, M. and Sporns, O.},
  journal={Proceedings of the National Academy of Sciences},
  volume={104},
  number={24},
  pages={10240},
  year={2007},
  publisher={National Acad Sciences}
}

@article{yeo2011organization,
  title={The organization of the human cerebral cortex estimated by intrinsic functional connectivity},
  author={Yeo, B.T.T. and Krienen, F.M. and Sepulcre, J. and Sabuncu, M.R. and Lashkari, D. and Hollinshead, M. and Roffman, J.L. and Smoller, J.W. and Z{\"o}llei, L. and Polimeni, J.R. and others},
  journal={Journal of Neurophysiology},
  volume={106},
  number={3},
  pages={1125--1165},
  year={2011},
  publisher={Am Physiological Soc}
}
@article{castellanos2011large,
  title={Large-scale brain systems in ADHD: beyond the prefrontal--striatal model},
  author={Castellanos, F.X. and Proal, E.},
  journal={Trends in cognitive sciences},
  year={2011},
  publisher={Elsevier}
}

@article{ghosh2008noise,
  title={Noise during rest enables the exploration of the brain's dynamic repertoire},
  author={Ghosh, A. and Rho, Y. and McIntosh, AR and K{\"o}tter, R. and Jirsa, VK},
  journal={PLoS computational biology},
  volume={4},
  number={10},
  pages={e1000196},
  year={2008},
  publisher={Public Library of Science}
}

@article{barbu2005generalizing,
  title={Generalizing Swendsen-Wang to sampling arbitrary posterior probabilities},
  author={Barbu, A. and Zhu, S.C.},
  journal={Pattern Analysis and Machine Intelligence, IEEE Transactions on},
  volume={27},
  number={8},
  pages={1239--1253},
  year={2005},
  publisher={IEEE}
}


@article{mori1999three,
  title={Three-dimensional tracking of axonal projections in the brain by magnetic resonance imaging},
  author={Mori, S. and Crain, B.J. and Chacko, VP and Van Zijl, P.},
  journal={Annals of neurology},
  volume={45},
  number={2},
  pages={265--269},
  year={1999},
  publisher={Wiley Online Library}
}

@article{mori2002fiber,
  title={Fiber tracking: principles and strategies--a technical review},
  author={Mori, S. and van Zijl, P.},
  journal={NMR in Biomedicine},
  volume={15},
  number={7-8},
  pages={468--480},
  year={2002},
  publisher={Wiley Online Library}
}

@article{mori2002imaging,
  title={Imaging cortical association tracts in the human brain using diffusion-tensor-based axonal tracking},
  author={Mori, S. and Kaufmann, W.E. and Davatzikos, C. and Stieltjes, B. and Amodei, L. and Fredericksen, K. and Pearlson, G.D. and Melhem, E.R. and Solaiyappan, M. and Raymond, G.V. and others},
  journal={Magnetic resonance in medicine},
  volume={47},
  number={2},
  pages={215--223},
  year={2002},
  publisher={Wiley Online Library}
}

@article{campbell2005flow,
  title={Flow-based fiber tracking with diffusion tensor and q-ball data: validation and comparison to principal diffusion direction techniques},
  author={Campbell, J.S.W. and Siddiqi, K. and Rymar, V.V. and Sadikot, A.F. and Pike, G.B.},
  journal={NeuroImage},
  volume={27},
  number={4},
  pages={725--736},
  year={2005},
  publisher={Elsevier}
}


@article{basser2000vivo,
  title={In vivo fiber tractography using DT-MRI data},
  author={Basser, P.J. and Pajevic, S. and Pierpaoli, C. and Duda, J. and Aldroubi, A.},
  journal={Magnetic resonance in medicine},
  volume={44},
  number={4},
  pages={625--632},
  year={2000},
  publisher={Wiley Online Library}
}


@article{zalesky2008dt,
  title={DT-MRI fiber tracking: a shortest paths approach},
  author={Zalesky, A.},
  journal={Medical Imaging, IEEE Transactions on},
  volume={27},
  number={10},
  pages={1458--1471},
  year={2008},
  publisher={IEEE}
}

@article{iturria2007characterizing,
  title={Characterizing brain anatomical connections using diffusion weighted MRI and graph theory},
  author={Iturria-Medina, Y. and Canales-Rodriguez, EJ and Melie-Garcia, L. and Valdes-Hernandez, PA and Martinez-Montes, E. and Alem{\'a}n-G{\'o}mez, Y. and S{\'a}nchez-Bornot, JM},
  journal={Neuroimage},
  volume={36},
  number={3},
  pages={645--660},
  year={2007},
  publisher={Elsevier}
}

@inproceedings{poynton2005probabilistic,
  title={Probabilistic tracking of fiber pathways using dynamic programming},
  author={Poynton, C. and Lal, R. and Ratnanather, JT and Mori, S. and Boatman, D. and Miller, MI},
  booktitle={11th Annu. Meeting Org. Human Brain Mapp., Toronto, ON, Canada},
  year={2005}
}

@book{kleinberg2006algorithm,
  title={Algorithm design},
  author={Kleinberg, J.},
  year={2006},
  publisher={Pearson Education India}
}

@book{cormen2001introduction,
  title={Introduction to algorithms},
  author={Cormen, T.H.},
  year={2001},
  publisher={The MIT press}
}


@book{robert2004monte,
  title={Monte Carlo statistical methods},
  author={Robert, C.P. and Casella, G.},
  year={2004},
  publisher={Springer Verlag}
}

@book{winkler2003image,
  title={Image analysis, random fields and Markov chain Monte Carlo methods: a mathematical introduction},
  author={Winkler, G.},
  volume={27},
  year={2003},
  publisher={Springer Verlag}
}

@book{grimmett2006random,
  title={The random-cluster model},
  author={Grimmett, G.},
  volume={333},
  year={2006},
  publisher={Springer Verlag}
}

@book{rubinstein2008simulation,
  title={Simulation and the Monte Carlo method},
  author={Rubinstein, R.Y. and Kroese, D.P.},
  volume={707},
  year={2008},
  publisher={Wiley-interscience}
}

@article{barbu2005generalizing,
  title={Generalizing Swendsen-Wang to sampling arbitrary posterior probabilities},
  author={Barbu, A. and Zhu, S.C.},
  journal={Pattern Analysis and Machine Intelligence, IEEE Transactions on},
  volume={27},
  number={8},
  pages={1239--1253},
  year={2005},
  publisher={IEEE}
}


@article{kay1998fundamentals,
  title={Fundamentals of statistical signal processing, Volume I: Estimation theory},
  author={Kay, S.M.},
  publisher={Prentice Hall},
  volume={7},
  year={1998}
}

@article{buxton1998dynamics,
  title={Dynamics of blood flow and oxygenation changes during brain activation: the balloon model},
  author={Buxton, R.B. and Wong, E.C. and Frank, L.R.},
  journal={Magnetic Resonance in Medicine},
  volume={39},
  number={6},
  pages={855--864},
  year={1998},
  publisher={Wiley Online Library}
}

@article{gelman1992inference,
  title={Inference from iterative simulation using multiple sequences},
  author={Gelman, A. and Rubin, D.B.},
  journal={Statistical science},
  volume={7},
  number={4},
  pages={457--472},
  year={1992},
  publisher={Institute of Mathematical Statistics}
}

@article{johnson1996studying,
  title={Studying convergence of Markov chain Monte Carlo algorithms using coupled sample paths},
  author={Johnson, V.E.},
  journal={Journal of the American Statistical Association},
  pages={154--166},
  year={1996},
  publisher={JSTOR}
}

@article{gibbs2000bounding,
  title={Bounding the convergence time of the Gibbs sampler in Bayesian image restoration},
  author={Gibbs, A.L.},
  journal={Biometrika},
  volume={87},
  number={4},
  pages={749--766},
  year={2000},
  publisher={Biometrika Trust}
}

@article{nepomniaschaya2000simple,
  title={A simple implementation of Dijkstra's shortest path algorithm on associative parallel processors},
  author={Nepomniaschaya, A.S. and Dvoskina, M.A.},
  journal={Fundamenta Informaticae},
  volume={43},
  number={1},
  pages={227--243},
  year={2000},
  publisher={IOS Press}
}

@article{harish2007accelerating,
  title={Accelerating large graph algorithms on the GPU using CUDA},
  author={Harish, P. and Narayanan, P.},
  journal={High Performance Computing--HiPC 2007},
  pages={197--208},
  year={2007},
  publisher={Springer}
}

@article{buluē2010solving,
  title={Solving path problems on the GPU},
  author={Bulu{\=e}, A.I. and Gilbert, J.R. and Budak, C.},
  journal={Parallel Computing},
  volume={36},
  number={5-6},
  pages={241--253},
  year={2010},
  publisher={Elsevier}
}

@article{huber2003bounding,
  title={A bounding chain for Swendsen-Wang},
  author={Huber, M.},
  journal={Random Structures \& Algorithms},
  volume={22},
  number={1},
  pages={43--59},
  year={2003},
  publisher={Wiley Online Library}
}

@article{cooper1999mixing,
  title={Mixing properties of the Swendsen-Wang process on classes of graphs},
  author={Cooper, C. and Frieze, A.M.},
  journal={Random Structures and Algorithms},
  volume={15},
  number={3-4},
  pages={242--261},
  year={1999}
}

@article{lewin2003functional,
  title={Functional MRI: An introduction to methods},
  author={Lewin, J.S.},
  journal={Journal of Magnetic Resonance Imaging},
  volume={17},
  number={3},
  pages={383--383},
  year={2003},
  publisher={Wiley Online Library}
}

@article{noll2001primer,
  title={A primer on MRI and functional MRI},
  author={Noll, D.C. and others},
  journal={Techical Report, University of Michigan, Ann Arbor, USA},
  year={2001}
}

@book{huettel2004functional,
  title={Functional magnetic resonance imaging},
  author={Huettel, S.A. and Song, A.W. and McCarthy, G.},
  volume={1}
}

@book{stroman2011essentials,
  title={Essentials of Functional MRI},
  author={Stroman, P.W.},
  year={2011},
  publisher={CRC Press}
}


@book {LiBook,
 author = {S. Z. Li},
 title  = {Markov random field modeling in computer vision},
 year   = {1995},
 publisher = {Springer},
 }

@book{mardia2000directional,
  title={{Directional statistics}},
  author={Mardia, K.V. and Jupp, P.E. and Ebooks Corporation},
  isbn={0471953334},
  year={2000},
  publisher={Wiley Chichester}
}

@article{wei1990monte,
  title={{A Monte Carlo implementation of the EM algorithm and the poor man's data augmentation algorithms}},
  author={Wei, G.C.G. and Tanner, M.A.},
  journal={Journal of the American Statistical Association},
  volume={85},
  number={411},
  pages={699--704},
  issn={0162-1459},
  year={1990},
  publisher={JSTOR}
}

@article{banerjee2006clustering,
  title={{Clustering on the unit hypersphere using von Mises-Fisher distributions}},
  author={Banerjee, A. and Dhillon, I.S. and Ghosh, J. and Sra, S.},
  journal={J. Machine Learning Res.},
  year={2006},
  volume={6},
  number={2},
  pages={1345},
  issn={1532-4435},
  publisher={Citeseer}
}

@article{zhang2002segmentation,
  title={{Segmentation of brain MR images through a hidden Markov random field model and the expectation-maximization algorithm}},
  author={Zhang, Y. and Brady, M. and Smith, S.},
  journal={IEEE Trans. on Medical Imaging},
  volume=20,
  number=1,
  pages={45--57},
  issn={0278-0062},
  year=2002,
  publisher={IEEE}
}

@INPROCEEDINGS{5074650,
author={Golland, P. and Lashkari, D. and Venkataraman, A.},
booktitle={42nd Asilomar Conference on Signals, Systems and Computers}, title={Spatial patterns and functional profiles for discovering structure in {fMRI} data},
year=2008,
month=Oct,
pages={1402 -1409},
ISSN={1058-6393},}

@article{damoiseaux2006consistent,
  title={{Consistent resting-state networks across healthy subjects}},
  author={Damoiseaux, JS and Rombouts, S. and Barkhof, F. and Scheltens, P. and Stam, CJ and Smith, SM and Beckmann, CF},
  journal={PNAS},
  volume={103},
  number={37},
  pages={13848},
  year={2006},
  publisher={National Acad Sciences}
}

@article{greicius2003functional,
  title={{Functional connectivity in the resting brain: a network analysis of the default mode hypothesis}},
  author={Greicius, M.D. and Krasnow, B. and Reiss, A.L. and Menon, V.},
  journal={PNAS},
  volume={100},
  number={1},
  pages={253},
  year={2003},
  publisher={National Acad Sciences}
}

@article{fox2005human,
  title={{The human brain is intrinsically organized into dynamic, anticorrelated functional networks}},
  author={Fox, M.D. and Snyder, A.Z. and Vincent, J.L. and Corbetta, M. and Van Essen, D.C. and Raichle, M.E.},
  journal={PNAS},
  volume={102},
  number={27},
  pages={9673},
  year={2005},
  publisher={National Acad Sciences}
}

@book{li_markov_2009,
	title = {Markov random field modeling in image analysis},
	isbn = {1848002785, 9781848002784},
	publisher = {Springer},
	author = {Stan Z. Li},
	month = mar,
	year = {2009}
}

@article{thirion2006detection,
  title={{Detection of signal synchronizations in resting-state fMRI datasets}},
  author={Thirion, B. and Dodel, S. and Poline, J.B.},
  journal={Neuroimage},
  volume={29},
  number={1},
  pages={321--327},
  issn={1053-8119},
  year={2006},
  publisher={Elsevier}
}

@article{beckmann2005tensorial,
  title={{Tensorial extensions of independent component analysis for multisubject fMRI analysis}},
  author={Beckmann, C.F. and Smith, S.M.},
  journal={Neuroimage},
  volume={25},
  number={1},
  pages={294--311},
  issn={1053-8119},
  year={2005},
  publisher={Elsevier}
}


@article{Golland2007,
   author = {Golland, Polina and Golland, Yulia and Malach, Rafael},
   affiliation = {Computer Science and Artificial Intelligence Laboratory, MIT USA},
   title = {Detection of Spatial Activation Patterns as Unsupervised Segmentation of {fMRI} Data},
  journal={MICCAI 2007},
   pages = {110-118},
   year = 2007
}

@article{fox2010clinical,
  title={{Clinical Applications of Resting State Functional Connectivity}},
  author={Fox, M.D. and Greicius, M.},
  journal={Frontiers in systems neuroscience},
  volume={4},
  year={2010},
  publisher={Frontiers Research Foundation}
}

@MISC{spmwebsite,
      AUTHOR = {{Wellcome Trust Centre for Neuroimaging}},
      TITLE = {Statistical Parametric Mapping},
      MONTH = Nov,
      YEAR = 2010,
      HOWPUBLISHED = {\url{http://www.fil.ion.ucl.ac.uk/spm/}} }
}

@MISC{giftwebiste,
      AUTHOR = {V. D. Calhoun},
      TITLE = {Group {ICA} Toolbox},
      MONTH = Mar,
      YEAR = 2011,
      HOWPUBLISHED = {\url{http://icatb.sourceforge.net/}} }
}


@MISC{connwebsite,
      AUTHOR = {Susan Whitfield-Gabrieli},
      TITLE = {conn {M}atlab toolbox},
      MONTH = Mar,
      YEAR = 2011,
      HOWPUBLISHED = {\url{http://web.mit.edu/swg/software.htm}} }
}




@article{calhoun2001spatial,
  title={Spatial and temporal independent component analysis of functional {MRI} data containing a pair of task-related waveforms},
  author={Calhoun, VD and Adali, T. and Pearlson, GD and Pekar, JJ},
  journal={HBM},
  volume=13,
  number=1,
  pages={43--53},
  year=2001,
  publisher={Wiley Online Library}
}

@article{van2008normalized,
  title={Normalized cut group clustering of resting-state {FMRI} data},
  author={Van Den Heuvel, M. and Mandl, R. and Pol, H.H.},
  journal={PLoS One},
  volume={3},
  number={4},
  pages={e2001},
  year={2008},
  publisher={Public Library of Science}
}

@article{bellec2010multi,
  title={Multi-level bootstrap analysis of stable clusters in resting-state {fMRI}},
  author={Bellec, P. and Rosa-Neto, P. and Lyttelton, O.C. and Benali, H. and Evans, A.C.},
  journal={Neuroimage},
  volume={51},
  number={3},
  pages={1126-1139},
  year={2010},
  publisher={Elsevier}
}

@inproceedings{varoquaux2011multi,
  title={Multi-subject dictionary learning to segment an atlas of brain spontaneous activity},
  author={Varoquaux, G. and Gramfort, A. and Pedregosa, F. and Michel, V. and Thirion, B.},
  booktitle={IPMI},
  editor = {G{\'a}bor Sz{\'e}kely and Horst Hahn},
  volume = {6801},
  pages={562--573},
  year={2011},
  organization={Springer}
}

@inproceedings{ng2010group,
  title={Group {MRF} for {fMRI} activation detection},
  author={Ng, B. and Abugharbieh, R. and Hamarneh, G.},
  booktitle={CVPR 2010},
  pages={2887--2894},
  year={2010},
  organization={IEEE}
}

@article{beckmann2005tensorial,
  title={Tensorial extensions of independent component analysis for multisubject {FMRI} analysis},
  author={Beckmann, C.F. and Smith, S.M.},
  journal={Neuroimage},
  volume={25},
  number={1},
  pages={294--311},
  year={2005},
  publisher={Elsevier}
}

@article{esposito2005independent,
  title={Independent component analysis of fMRI group studies by self-organizing clustering},
  author={Esposito, F. and Scarabino, T. and Hyvarinen, A. and Himberg, J. and Formisano, E. and Comani, S. and Tedeschi, G. and Goebel, R. and Seifritz, E. and Di Salle, F.},
  journal={Neuroimage},
  volume={25},
  number={1},
  pages={193--205},
  year={2005},
  publisher={Elsevier}
}

@article{shi2000normalized,
  title={Normalized cuts and image segmentation},
  author={Shi, J. and Malik, J.},
  journal={IEEE PAMI},
  volume={22},
  number={8},
  pages={888--905},
  year={2000},
  publisher={IEEE}
}

@article{descombes1998spatio,
  title={Spatio-temporal {fMRI} analysis using {M}arkov random fields},
  author={Descombes, X. and Kruggel, F. and Von Cramon, D.Y.},
  journal={IEEE TMI},
  volume={17},
  number={6},
  pages={1028--1039},
  year={1998},
  publisher={IEEE}
}


@ARTICLE{nggroup2012, 
author={Ng, B. and McKeown, M.J. and Abugharbieh, R.}, 
journal={IEEE TMI}, 
title={Group Replicator Dynamics: A Novel Group-Wise Evolutionary Approach for Sparse Brain Network Detection}, 
year={2012}, 
volume={31}, 
number={3}, 
pages={576 -585}, 
doi={10.1109/TMI.2011.2173699}, 
ISSN={0278-0062},}

@article{Beckmann20031052,
title = "General multilevel linear modeling for group analysis in FMRI",
journal = "NeuroImage",
volume = "20",
number = "2",
pages = "1052 - 1063",
year = "2003",
issn = "1053-8119",
doi = "10.1016/S1053-8119(03)00435-X",
author = "Christian F. Beckmann and Mark Jenkinson and Stephen M. Smith",
}

@article{Liu2012a,
title = {Group Analysis of Resting-State {fMRI} by Hierarchical {M}arkov {R}andom {F}ields},
journal={MICCAI 2012},
author={Liu, W. and Awate, S. and Fletcher, P.T.},
notes = {In Press},
year = {In Press},
url={http://www.sci.utah.edu/~weiliu/publications/hiermrf_miccai12.pdf}
}

@article{cowles1996markov,
  title={Markov chain Monte Carlo convergence diagnostics: a comparative review},
  author={Cowles, M.K. and Carlin, B.P.},
  journal={Journal of the American Statistical Association},
  pages={883--904},
  year={1996},
  publisher={JSTOR}
}

@article{propp1996exact,
  title={Exact sampling with coupled Markov chains and applications to statistical mechanics},
  author={Propp, J.G. and Wilson, D.B.},
  journal={Random structures and Algorithms},
  volume={9},
  number={1-2},
  pages={223--252},
  year={1996},
  publisher={Citeseer}
}


@article{haggstrom1999exact,
  title={On Exact Simulation of Markov Random Fields Using Coupling from the Past},
  author={H{\"a}ggstr{\"o}m, O. and Nelander, K.},
  journal={Scandinavian Journal of Statistics},
  pages={395--411},
  year={1999},
  publisher={JSTOR}
}

@article{smith2012future,
  title={The future of FMRI connectivity},
  author={Smith, S.M.},
  journal={NeuroImage},
  year={2012},
  publisher={Elsevier}
}

@article{Smith20121257,
title = "The future of FMRI connectivity",
journal = "NeuroImage",
volume = "62",
number = "2",
pages = "1257 - 1266",
year = "2012",
author = "Stephen M. Smith",
}

@article{mikl2008effects,
  title={Effects of spatial smoothing on fMRI group inferences},
  author={Mikl, M. and Mare{\v{c}}ek, R. and Hlu{\v{s}}t{\'\i}k, P. and Pavlicov{\'a}, M. and Drastich, A. and Chlebus, P. and Br{\'a}zdil, M. and Krupa, P.},
  journal={Magnetic resonance imaging},
  volume={26},
  number={4},
  pages={490--503},
  year={2008},
  publisher={Elsevier}
}

@article{friston2007statistical,
  title={Statistical {P}arametric {M}apping: The Analysis of Functional Brain Images},
  author={Friston, K.J. and Ashburner, J.T. and Kiebel, S.J. and Nichols, T.E. and Penny, W.D.},
  journal={Statistical Parametric Mapping The Analysis of Functional Brain Images},
  volume={8},
  year={2007},
  publisher={Academic Press}
}

@article{fox2007spontaneous,
  title={Spontaneous fluctuations in brain activity observed with functional magnetic resonance imaging},
  author={Fox, M.D. and Raichle, M.E.},
  journal={Nature Reviews Neuroscience},
  volume={8},
  number={9},
  pages={700--711},
  year={2007},
  publisher={Nature Publishing Group}
}

@article{craddock2011whole,
  title={A whole brain {fMRI} atlas generated via spatially constrained spectral clustering},
  author={Craddock, R.C. and James, G.A. and Holtzheimer III, P.E. and Hu, X.P. and Mayberg, H.S.},
  journal={Human brain mapping},
  year={2011},
  publisher={Wiley Online Library}
}

@article{calhoun2001method,
  title={A method for making group inferences from functional MRI data using independent component analysis},
  author={Calhoun, VD and Adali, T. and Pearlson, GD and Pekar, JJ},
  journal={Human brain mapping},
  volume={14},
  number={3},
  pages={140--151},
  year={2001},
  publisher={Wiley Online Library}
}

@article{zuo2010reliable,
  title={Reliable intrinsic connectivity networks: test-retest evaluation using ICA and dual regression approach},
  author={Zuo, X.N. and Kelly, C. and Adelstein, J.S. and Klein, D.F. and Castellanos, F.X. and Milham, M.P.},
  journal={Neuroimage},
  volume={49},
  number={3},
  pages={2163},
  year={2010},
  publisher={NIH Public Access}
}
@article{10.1371/journal.pone.0044428,
    author = {Moussa, , Malaak N. AND Steen, , Matthew R. AND Laurienti, , Paul J. AND Hayasaka, , Satoru},
    journal = {PLoS ONE},
    publisher = {Public Library of Science},
    title = {Consistency of Network Modules in Resting-State fMRI Connectome Data},
    year = {2012},
    month = {08},
    volume = {7},
    url = {http://dx.doi.org/10.1371%2Fjournal.pone.0044428},
    pages = {e44428},
    number = {8},
    doi = {10.1371/journal.pone.0044428}
}        


@article{mcgraw1996forming,
  title={Forming inferences about some intraclass correlation coefficients.},
  author={McGraw, K.O. and Wong, SP},
  journal={Psychological methods},
  volume={1},
  number={1},
  pages={30},
  year={1996},
  publisher={American Psychological Association}
}

@article{weir2005quantifying,
  title={Quantifying test-retest reliability using the intraclass correlation coefficient},
  author={Weir, J.P.},
  journal={J Strength Cond Res},
  volume={19},
  number={1},
  pages={231--40},
  year={2005}
}

@article{shrout1979intraclass,
  title={Intraclass correlations: uses in assessing rater reliability.},
  author={Shrout, P.E. and Fleiss, J.L.},
  journal={Psychological bulletin},
  volume={86},
  number={2},
  pages={420},
  year={1979},
  publisher={American Psychological Association}
}

@article{friedman2008sparse,
  title={Sparse inverse covariance estimation with the graphical lasso},
  author={Friedman, J. and Hastie, T. and Tibshirani, R.},
  journal={Biostatistics},
  volume={9},
  number={3},
  pages={432--441},
  year={2008},
  publisher={Biometrika Trust}
}

@inproceedings{potts1952some,
  title={Some generalized order-disorder transformations},
  author={Potts, R.B.},
  booktitle={Proceedings of the Cambridge Philosophical Society},
  volume={48},
  number={2},
  pages={106--109},
  year={1952},
  organization={Cambridge Univ Press}
}

@article{besag1975statistical,
  title={Statistical analysis of non-lattice data},
  author={Besag, J.},
  journal={The statistician},
  pages={179--195},
  year={1975},
  publisher={JSTOR}
}

@article{baumgartner1998quantification,
  title={Quantification in functional magnetic resonance imaging: fuzzy clustering vs. correlation analysis},
  author={Baumgartner, R. and Windischberger, C. and Moser, E.},
  journal={Magnetic Resonance Imaging},
  volume={16},
  number={2},
  pages={115--125},
  year={1998},
  publisher={Elsevier}
}

@inproceedings{arthur2007k,
  title={k-means++: The advantages of careful seeding},
  author={Arthur, D. and Vassilvitskii, S.},
  booktitle={Proceedings of the eighteenth annual ACM-SIAM symposium on Discrete algorithms},
  pages={1027--1035},
  year={2007},
  organization={Society for Industrial and Applied Mathematics}
}

@article{van2010intrinsic,
  title={Intrinsic functional connectivity as a tool for human connectomics: theory, properties, and optimization},
  author={Van Dijk, Koene RA and Hedden, Trey and Venkataraman, Archana and Evans, Karleyton C and Lazar, Sara W and Buckner, Randy L},
  journal={Journal of neurophysiology},
  volume={103},
  number={1},
  pages={297--321},
  year={2010},
  publisher={Am Physiological Soc}
}

@article{waites2005effect,
  title={Effect of prior cognitive state on resting state networks measured with functional connectivity},
  author={Waites, Anthony B and Stanislavsky, Alexandra and Abbott, David F and Jackson, Graeme D},
  journal={Human brain mapping},
  volume={24},
  number={1},
  pages={59--68},
  year={2005},
  publisher={Wiley Subscription Services, Inc., A Wiley Company}
}

@article{benjamin2010influence,
  title={The influence of rest period instructions on the default mode network},
  author={Benjamin, Christopher and Lieberman, Daniel A and Chang, Maria and Ofen, Noa and Whitfield-Gabrieli, Sue and Gabrieli, John DE and Gaab, Nadine},
  journal={Frontiers in human neuroscience},
  volume={4},
  year={2010},
  publisher={Frontiers Research Foundation}
}