@article{lesage2009review,
  title={A review of 3D vessel lumen segmentation techniques: Models, features and extraction schemes},
  author={Lesage, David and Angelini, Elsa D and Bloch, Isabelle and Funka-Lea, Gareth},
  journal={Medical image analysis},
  volume={13},
  number={6},
  pages={819--845},
  year={2009},
  publisher={Elsevier}
}

@incollection{gulsun2008robust,
  title={Robust vessel tree modeling},
  author={G{\"u}ls{\"u}n, M Akif and Tek, H{\"u}seyin},
  booktitle={Medical Image Computing and Computer-Assisted Intervention--MICCAI 2008},
  pages={602--611},
  year={2008},
  publisher={Springer}
}
@inproceedings{rouchdy2011geodesic,
  title={A geodesic voting method for the segmentation of tubular tree and centerlines},
  author={Rouchdy, Youssef and Cohen, Laurent D},
  booktitle={Biomedical Imaging: From Nano to Macro, 2011 IEEE International Symposium on},
  pages={979--983},
  year={2011},
  organization={IEEE}
}

@incollection{olabarriaga2003minimum,
  title={Minimum cost path algorithm for coronary artery central axis tracking in CT images},
  author={Olabarriaga, S{\'\i}lvia Delgado and Breeuwer, Marcel and Niessen, Wiro J},
  booktitle={Medical Image Computing and Computer-Assisted Intervention-MICCAI 2003},
  pages={687--694},
  year={2003},
  publisher={Springer}
}
@inproceedings{wink2000minimum,
  title={Minimum cost path determination using a simple heuristic function},
  author={Wink, Onno and Niessen, Wiro J and Viergever, Max A},
  booktitle={Pattern Recognition, 2000. Proceedings. 15th International Conference on},
  volume={3},
  pages={998--1001},
  year={2000},
  organization={IEEE}
}