@book{mardia2000directional,
  title={{Directional statistics}},
  author={Mardia, K.V. and Jupp, P.E. and Ebooks Corporation},
  isbn={0471953334},
  year={2000},
  publisher={Wiley Chichester}
}
