@article{calhoun2001spatial,
  title={Spatial and temporal independent component analysis of functional {MRI} data containing a pair of task-related waveforms},
  author={Calhoun, VD and Adali, T. and Pearlson, GD and Pekar, JJ},
  journal={HBM},
  volume=13,
  number=1,
  pages={43--53},
  year=2001,
  publisher={Wiley Online Library}
}

@article{van2008normalized,
  title={Normalized cut group clustering of resting-state {FMRI} data},
  author={Van Den Heuvel, M. and Mandl, R. and Pol, H.H.},
  journal={PLoS One},
  volume={3},
  number={4},
  pages={e2001},
  year={2008},
  publisher={Public Library of Science}
}

@article{bellec2010multi,
  title={Multi-level bootstrap analysis of stable clusters in resting-state {fMRI}},
  author={Bellec, P. and Rosa-Neto, P. and Lyttelton, O.C. and Benali, H. and Evans, A.C.},
  journal={Neuroimage},
  volume={51},
  number={3},
  pages={1126-1139},
  year={2010},
  publisher={Elsevier}
}

@inproceedings{varoquaux2011multi,
  title={Multi-subject dictionary learning to segment an atlas of brain spontaneous activity},
  author={Varoquaux, G. and Gramfort, A. and Pedregosa, F. and Michel, V. and Thirion, B.},
  booktitle={IPMI},
  editor = {G{\'a}bor Sz{\'e}kely and Horst Hahn},
  volume = {6801},
  pages={562--573},
  year={2011},
  organization={Springer}
}

@inproceedings{ng2010group,
  title={Group {MRF} for {fMRI} activation detection},
  author={Ng, B. and Abugharbieh, R. and Hamarneh, G.},
  booktitle={CVPR 2010},
  pages={2887--2894},
  year={2010},
  organization={IEEE}
}

@article{beckmann2005tensorial,
  title={Tensorial extensions of independent component analysis for multisubject {FMRI} analysis},
  author={Beckmann, C.F. and Smith, S.M.},
  journal={Neuroimage},
  volume={25},
  number={1},
  pages={294--311},
  year={2005},
  publisher={Elsevier}
}

@article{esposito2005independent,
  title={Independent component analysis of fMRI group studies by self-organizing clustering},
  author={Esposito, F. and Scarabino, T. and Hyvarinen, A. and Himberg, J. and Formisano, E. and Comani, S. and Tedeschi, G. and Goebel, R. and Seifritz, E. and Di Salle, F.},
  journal={Neuroimage},
  volume={25},
  number={1},
  pages={193--205},
  year={2005},
  publisher={Elsevier}
}

@article{shi2000normalized,
  title={Normalized cuts and image segmentation},
  author={Shi, J. and Malik, J.},
  journal={IEEE PAMI},
  volume={22},
  number={8},
  pages={888--905},
  year={2000},
  publisher={IEEE}
}

@article{descombes1998spatio,
  title={Spatio-temporal {fMRI} analysis using {M}arkov random fields},
  author={Descombes, X. and Kruggel, F. and Von Cramon, D.Y.},
  journal={IEEE TMI},
  volume={17},
  number={6},
  pages={1028--1039},
  year={1998},
  publisher={IEEE}
}

@inproceedings{liu2010spatial,
  title={Spatial regularization of functional connectivity using high-dimensional {M}arkov random fields},
  author={Liu, W. and Zhu, P. and Anderson, J. and Yurgelun-Todd, D. and Fletcher, P.},
  booktitle={MICCAI},
  pages={363--370},
  editor = {Jiang, Tianzi and Navab, Nassir and Pluim, Josien and Viergever, Max},
  volume = {6362},
  year={2010},
  publisher={Springer}
}

@INPROCEEDINGS{5074650,
author={Golland, P. and Lashkari, D. and Venkataraman, A.},
booktitle={42nd Asilomar Conference on Signals, Systems and Computers}, title={Spatial patterns and functional profiles for discovering structure in {fMRI} data},
year=2008,
month=Oct.,
pages={1402 -1409},
ISSN={1058-6393},}

@ARTICLE{nggroup2012, 
author={Ng, B. and McKeown, M.J. and Abugharbieh, R.}, 
journal={IEEE TMI}, 
title={Group Replicator Dynamics: A Novel Group-Wise Evolutionary Approach for Sparse Brain Network Detection}, 
year={2012}, 
volume={31}, 
number={3}, 
pages={576 -585}, 
doi={10.1109/TMI.2011.2173699}, 
ISSN={0278-0062},}

@article {craddock2012,
author = {Craddock, R. Cameron and James, G.Andrew and Holtzheimer, Paul E. and Hu, Xiaoping P. and Mayberg, Helen S.},
title = {A whole brain fMRI atlas generated via spatially constrained spectral clustering},
journal = {HBM},
volume = {33},
number = {8},
pages = {1914--1928},
year = {2012},
}
