@incollection {springerlink:10.1007/978-3-540-75757-3_14,
   author = {Golland, Polina and Golland, Yulia and Malach, Rafael},
   affiliation = {Computer Science and Artificial Intelligence Laboratory, MIT USA},
   title = {Detection of Spatial Activation Patterns as Unsupervised Segmentation of fMRI Data},
   booktitle = {Medical Image Computing and Computer-Assisted Intervention – MICCAI 2007},
   series = {Lecture Notes in Computer Science},
   editor = {Ayache, Nicholas and Ourselin, Sébastien and Maeder, Anthony},
   publisher = {Springer Berlin / Heidelberg},
   isbn = {},
   pages = {110-118},
   volume = {4791},
   url = {http://dx.doi.org/10.1007/978-3-540-75757-3_14},
   note = {10.1007/978-3-540-75757-3_14},
   year = {2007}
}